@incollection{chapters/intro,author={Matthew Reeve and  Mihaela Marchis Moreno  and  Ludovico Franco},title={{Introduction}},booktitle={{Agreement, case and locality in the nominal and verbal domains}},editor={ Ludovico Franco and  Mihaela Marchis Moreno  and  Matthew Reeve},publisher={Language Science Press.},Address={Berlin},year={\protect \kern +.1667em\relax 2018},pages={1--20},doi={??},options={skipbib=true,skiplab=true}}
@incollection{chapters/01,author={Peter Ackema  and  Ad Neeleman},title={{Default person versus default number in agreement}},booktitle={{Agreement, case and locality in the nominal and verbal domains}},editor={ Ludovico Franco and  Mihaela Marchis Moreno  and  Matthew Reeve},publisher={Language Science Press.},Address={Berlin},year={\protect \kern +.1667em\relax 2018},pages={21--55},doi={??},options={skipbib=true,skiplab=true}}
@incollection{chapters/02,author={Artemis Alexiadou  and  Elena Anagnostopoulou},title={{An asymmetry in backward control: subject vs. object control}},booktitle={{Agreement, case and locality in the nominal and verbal domains}},editor={ Ludovico Franco and  Mihaela Marchis Moreno  and  Matthew Reeve},publisher={Language Science Press.},Address={Berlin},year={\protect \kern +.1667em\relax 2018},pages={57--84},doi={??},options={skipbib=true,skiplab=true}}
@incollection{chapters/03,author={Ángel Gallego},title={{Long distance agreement in Spanish dialects}},booktitle={{Agreement, case and locality in the nominal and verbal domains}},editor={ Ludovico Franco and  Mihaela Marchis Moreno  and  Matthew Reeve},publisher={Language Science Press.},Address={Berlin},year={\protect \kern +.1667em\relax 2018},pages={85--105},doi={??},options={skipbib=true,skiplab=true}}
@incollection{chapters/04,author={Ion Giurgea},title={{Add\texttt {\TU\textbackslash renewcommand\protect \TU\textbraceleft \TU\textbackslash lsCollectionPaperFooterTitle\protect \TU\textbraceright \protect \TU\textbraceleft A new theory of \TU\textbackslash noexpand\TU\textbackslash textit\protect \TU\textbraceleft This\protect \TU\textbraceright  and \TU\textbackslash noexpand\TU\textbackslash textit\protect \TU\textbraceleft that\protect \TU\textbraceright \protect \TU\textbraceright } to preamble}},booktitle={{Agreement, case and locality in the nominal and verbal domains}},editor={ Ludovico Franco and  Mihaela Marchis Moreno  and  Matthew Reeve},publisher={Language Science Press.},Address={Berlin},year={\protect \kern +.1667em\relax 2018},pages={107--143},doi={??},options={skipbib=true,skiplab=true}}
@incollection{chapters/05,author={Paulina Łęska},title={{Add\texttt {\TU\textbackslash renewcommand\protect \TU\textbraceleft \TU\textbackslash lsCollectionPaperFooterTitle\protect \TU\textbraceright \protect \TU\textbraceleft A new theory of \TU\textbackslash noexpand\TU\textbackslash textit\protect \TU\textbraceleft This\protect \TU\textbraceright  and \TU\textbackslash noexpand\TU\textbackslash textit\protect \TU\textbraceleft that\protect \TU\textbraceright \protect \TU\textbraceright } to preamble}},booktitle={{Agreement, case and locality in the nominal and verbal domains}},editor={ Ludovico Franco and  Mihaela Marchis Moreno  and  Matthew Reeve},publisher={Language Science Press.},Address={Berlin},year={\protect \kern +.1667em\relax 2018},pages={145--172},doi={??},options={skipbib=true,skiplab=true}}
@incollection{chapters/06,author={Paolo Lorusso},title={{A person split analysis of the progressive forms in Barese}},booktitle={{Agreement, case and locality in the nominal and verbal domains}},editor={ Ludovico Franco and  Mihaela Marchis Moreno  and  Matthew Reeve},publisher={Language Science Press.},Address={Berlin},year={\protect \kern +.1667em\relax 2018},pages={173--200},doi={??},options={skipbib=true,skiplab=true}}
@incollection{chapters/07,author={M. Rita Manzini and  Ludovico Franco  and  Leonardo Savoia},title={{Suffixaufnahme, oblique case and Agree}},booktitle={{Agreement, case and locality in the nominal and verbal domains}},editor={ Ludovico Franco and  Mihaela Marchis Moreno  and  Matthew Reeve},publisher={Language Science Press.},Address={Berlin},year={\protect \kern +.1667em\relax 2018},pages={201--244},doi={??},options={skipbib=true,skiplab=true}}
@incollection{chapters/08,author={Mihaela Marchis Moreno},title={{A diagnostic for backward object control in Brazilian Portuguese}},booktitle={{Agreement, case and locality in the nominal and verbal domains}},editor={ Ludovico Franco and  Mihaela Marchis Moreno  and  Matthew Reeve},publisher={Language Science Press.},Address={Berlin},year={\protect \kern +.1667em\relax 2018},pages={245--265},doi={??},options={skipbib=true,skiplab=true}}
@incollection{chapters/09,author={Guido Mensching},title={{Extraction from DP in French: A Minimalist approach}},booktitle={{Agreement, case and locality in the nominal and verbal domains}},editor={ Ludovico Franco and  Mihaela Marchis Moreno  and  Matthew Reeve},publisher={Language Science Press.},Address={Berlin},year={\protect \kern +.1667em\relax 2018},pages={267--297},doi={??},options={skipbib=true,skiplab=true}}
@incollection{chapters/10,author={Anja Weingart},title={{Null possessives in European Portuguese}},booktitle={{Agreement, case and locality in the nominal and verbal domains}},editor={ Ludovico Franco and  Mihaela Marchis Moreno  and  Matthew Reeve},publisher={Language Science Press.},Address={Berlin},year={\protect \kern +.1667em\relax 2018},pages={299--334},doi={??},options={skipbib=true,skiplab=true}}
